<record><leader>00000cas a22000007a 4500</leader><controlfield tag="001">13545987</controlfield><controlfield tag="008">860508d18331837pauwr ne      0    0eng d</controlfield><datafield ind1=" " ind2=" " tag="010"><subfield code="a">sn 86053376 </subfield></datafield><datafield ind1=" " ind2=" " tag="040"><subfield code="a">NPX</subfield><subfield code="b">eng</subfield><subfield code="c">NPX</subfield><subfield code="d">NPH</subfield><subfield code="d">NVK</subfield><subfield code="d">OCL</subfield><subfield code="d">OCLCQ</subfield><subfield code="d">OCLCF</subfield><subfield code="d">OCLCO</subfield></datafield><datafield ind1=" " ind2=" " tag="042"><subfield code="a">msc</subfield></datafield><datafield ind1=" " ind2=" " tag="043"><subfield code="a">n-us-pa</subfield></datafield><datafield ind1="0" ind2=" " tag="130"><subfield code="a">Columbia spy, and Lancaster and York County record (Columbia, Pa. : 1833)</subfield></datafield><datafield ind1="1" ind2="4" tag="245"><subfield code="a">The Columbia spy, and Lancaster and York County record.</subfield></datafield><datafield ind1="1" ind2="3" tag="246"><subfield code="a">Columbia spy</subfield></datafield><datafield ind1=" " ind2=" " tag="260"><subfield code="a">Columbia, Pa. :</subfield><subfield code="b">John L. Boswell,</subfield><subfield code="c">1833-</subfield></datafield><datafield ind1=" " ind2=" " tag="300"><subfield code="a">v. ;</subfield><subfield code="c">54-60 cm.</subfield></datafield><datafield ind1=" " ind2=" " tag="310"><subfield code="a">Weekly</subfield></datafield><datafield ind1="0" ind2=" " tag="362"><subfield code="a">Vol. 4, no. 3 (July 20, 1833)- = whole no. 159-</subfield></datafield><datafield ind1="1" ind2=" " tag="362"><subfield code="a">Ceased in 1837.</subfield></datafield><datafield ind1=" " ind2=" " tag="500"><subfield code="a">Publisher: E. Beatty, &lt;1836-1837&gt;.</subfield></datafield><datafield ind1=" " ind2="0" tag="651"><subfield code="a">Columbia (Pa.)</subfield><subfield code="v">Newspapers.</subfield></datafield><datafield ind1=" " ind2="7" tag="655"><subfield code="a">Newspapers.</subfield><subfield code="2">fast</subfield><subfield code="0">(OCoLC)fst01423814</subfield></datafield><datafield ind1=" " ind2="7" tag="651"><subfield code="a">Pennsylvania</subfield><subfield code="z">Columbia.</subfield><subfield code="2">fast</subfield><subfield code="0">(OCoLC)fst01220055</subfield></datafield><datafield ind1=" " ind2=" " tag="752"><subfield code="a">United States</subfield><subfield code="b">Pennsylvania</subfield><subfield code="c">Lancaster</subfield><subfield code="d">Columbia.</subfield></datafield><datafield ind1="0" ind2="0" tag="780"><subfield code="t">Columbia spy, and Lancaster &amp; York record</subfield><subfield code="w">(DLC)sn 86053377</subfield></datafield><datafield ind1="0" ind2="0" tag="785"><subfield code="t">Columbia spy (Columbia, Pa. : 1837)</subfield><subfield code="w">(DLC)sn 89077552</subfield></datafield></record>